<record><leader>00000cas a2200000 a 4500</leader><controlfield tag="001">14252321</controlfield><controlfield tag="008">860923d19581970kyuwr ne      0    0eng d</controlfield><datafield ind1=" " ind2=" " tag="010"><subfield code="a">sn 86069544 </subfield></datafield><datafield ind1=" " ind2=" " tag="040"><subfield code="a">KNP</subfield><subfield code="b">eng</subfield><subfield code="c">KNP</subfield><subfield code="d">OCL</subfield><subfield code="d">OCLCQ</subfield><subfield code="d">KYUBL</subfield><subfield code="d">OCLCQ</subfield><subfield code="d">OCLCF</subfield><subfield code="d">OCLCO</subfield></datafield><datafield ind1="1" ind2=" " tag="029"><subfield code="a">AU@</subfield><subfield code="b">000025827734</subfield></datafield><datafield ind1=" " ind2=" " tag="042"><subfield code="a">msc</subfield></datafield><datafield ind1=" " ind2=" " tag="043"><subfield code="a">n-us-ky</subfield></datafield><datafield ind1="0" ind2="4" tag="245"><subfield code="a">The Corbin Sunday times.</subfield></datafield><datafield ind1="3" ind2="0" tag="246"><subfield code="a">Corbin times</subfield></datafield><datafield ind1=" " ind2=" " tag="260"><subfield code="a">Corbin, Ky. :</subfield><subfield code="b">Corbin Times-Tribune,</subfield><subfield code="c">1958-1970.</subfield></datafield><datafield ind1=" " ind2=" " tag="300"><subfield code="a">v. :</subfield><subfield code="b">ill.</subfield></datafield><datafield ind1=" " ind2=" " tag="310"><subfield code="a">Weekly</subfield></datafield><datafield ind1="0" ind2=" " tag="362"><subfield code="a">Vol. 24, no. 33 (Aug. 17, 1958)-v. 36, no. 50 (Dec. 27, 1970).</subfield></datafield><datafield ind1=" " ind2=" " tag="500"><subfield code="a">Published as: Corbin times, Sept. 27-Dec. 27, 1970.</subfield></datafield><datafield ind1=" " ind2="0" tag="651"><subfield code="a">Corbin (Ky.)</subfield><subfield code="v">Newspapers.</subfield></datafield><datafield ind1=" " ind2="0" tag="651"><subfield code="a">Whitley County (Ky.)</subfield><subfield code="v">Newspapers.</subfield></datafield><datafield ind1=" " ind2="7" tag="655"><subfield code="a">Newspapers.</subfield><subfield code="2">fast</subfield><subfield code="0">(OCoLC)fst01423814</subfield></datafield><datafield ind1=" " ind2="7" tag="651"><subfield code="a">Kentucky</subfield><subfield code="z">Corbin.</subfield><subfield code="2">fast</subfield><subfield code="0">(OCoLC)fst01219603</subfield></datafield><datafield ind1=" " ind2="7" tag="651"><subfield code="a">Kentucky</subfield><subfield code="z">Whitley County.</subfield><subfield code="2">fast</subfield><subfield code="0">(OCoLC)fst01222189</subfield></datafield><datafield ind1=" " ind2=" " tag="752"><subfield code="a">United States</subfield><subfield code="b">Kentucky</subfield><subfield code="c">Whitley</subfield><subfield code="d">Corbin.</subfield></datafield><datafield ind1="0" ind2="0" tag="780"><subfield code="t">Corbin times</subfield><subfield code="w">(DLC)sn 86069543</subfield></datafield><datafield ind1="0" ind2="7" tag="785"><subfield code="t">Corbin daily tribune</subfield><subfield code="w">(DLC)sn 86069546</subfield></datafield><datafield ind1="0" ind2="7" tag="785"><subfield code="t">Corbin times-tribune (Corbin, Ky. : Daily)</subfield><subfield code="w">(DLC)sn 86069548</subfield></datafield></record>